@book{ H&W,
    author = "G.H. Hardy and E.M. Wright",
    title = "An introduction to the theory of numbers",
    language = "english",
    year = "{2000}",
    edition = "Fifth",
    publisher = "Clarendon Press",
}

@book{ Childs,
    author = "Lindsay Childs",
    title = "Algebra: un'introduzione concreta",
    note = "Italian translation by Carlo Traverso",
    language = "italian",
    publisher = "ETS Editrice",
    year = "1989",
}

@book{ Dav,
    author = "Harold Davenport",
    title = "Aritmetica superiore",
    note = "Italian translation by Umberto Zannier",
    language = "italian",
    publisher = "Zanichelli",
    year = "1994",
}

@book{ Sha,
    author = "Daniel Shanks",
    title = "Solved and unsolved problems in number theory",
    edition = "Third",
    language = "english",
    publisher = "Chelsea Publishing Company",
    year = "1985",
}

@book{ S&T,
    author = "Ian Stewart and David Tall",
    title = "Algebraic number theory",
    edition = "Second",
    publisher = "Chapman \& Hall",
    year = "1987",
}
